@book{saturday_is_monday,
  author    = "Стругацкий, А.Н. and Стругацкий, Б.Н.",
  title     = "Понедельник начинается в субботу",
  address   = "М.",
  editor    = "Иванов",
  publisher = "Детская литература",
  year      = 1965,
  language  = "russian"
}
@book{book:fourier,
  title      = {Ряды и интеграл Фурье: Теория поля. Аналитические и специальные функции. Преобразование Лапласа},
  author     = {Кожевников, Н.И. and Краснощекова, Т.И. and Шишкин, Н.Е.},
  lccn       = {66051327},
  series     = {Избранные главы высшей математики для инженеров и студентов втузов. Задачи и упражнения},
  url        = {http://books.google.ru/books?id=xvXuAAAAMAAJ},
  year       = {1964},
  publisher  = {Наука},
  eprint     = {http://books.google.ru/books?id=xvXuAAAAMAAJ},
  eprinttype = {Google Books}
}
@online{wiki:lcd,
  author       = "Wikipedia",
  title        = "Наибольший общий делитель",
  howpublished = "Википедия, свободная энциклопедия",
  year         = 2012,
  url          = {http://goo.gl/1eEF3},
  urldate      = "08.04.2013",
  language     = "russian"
}
@online{pyqt,
  author       = "Riverbank",
  title        = "PyQt Whitepaper",
  year         = 2013,
  url          = {https://www.riverbankcomputing.com/static/Docs/PyQt4/pyqt-whitepaper-a4.pdf},
  urldate      = "16.04.2017",
  language     = "english"
}
@online{pythonUni,
  author       = "Guo, Philip",
  title        = "Python is Now the Most Popular Introductory Teaching Language at Top U.S. Universities",
  year         = 2014,
  url          = {https://cacm.acm.org/blogs/blog-cacm/176450-python-is-now-the-most-popular-introductory-teaching-language-at-top-u-s-universities/fulltext},
  urldate      = "20.04.2017",
  language     = "english"
}
@online{stemSecCourse,
  author       = "STEM Learning",
  title        = "Python",
  year         = 2010,
  url          = {https://www.stem.org.uk/rx34zw},
  urldate      = "20.04.2017",
  language     = "english"
}
@online{stemMITCourse,
  author       = "MIT",
  title        = "Introduction to Electrical Engineering and Computer Science I",
  year         = 2011,
  url          = {https://ocw.mit.edu/courses/electrical-engineering-and-computer-science/6-01sc-introduction-to-electrical-engineering-and-computer-science-i-spring-2011/},
  urldate      = "1.05.2017",
  language     = "english"
}
@article{stemSchool,
 author = {Javidi, Giti and Sheybani, Ehsan},
 title = {Making Youth Excited About STEM Education},
 journal = {J. Comput. Sci. Coll.},
 issue_date = {October 2010},
 volume = {26},
 number = {1},
 month = oct,
 year = {2010},
 issn = {1937-4771},
 pages = {140--147},
 numpages = {8},
 url = {http://dl.acm.org/citation.cfm?id=1858449.1858474},
 acmid = {1858474},
 publisher = {Consortium for Computing Sciences in Colleges},
 address = {USA},
} 
@inproceedings{qrealDSM,
  title={QReal DSM platform-An Environment for Creation of Specific Visual IDEs.},
  author={Kuzenkova, Anastasiia and Deripaska, Anna and Bryksin, Timofey and Litvinov, Yurii and Polyakov, Vladimir},
  booktitle={ENASE},
  pages={205--211},
  year={2013}
}
@inproceedings{qrealRobots,
 author = {Terekhov, Andrey and Litvinov, Yurii and Bryksin, Timofey},
 title = {QReal:Robots an Environment for Teaching Computer Science and Robotics in Schools},
 booktitle = {Proceedings of the 9th Central \&\#38; Eastern European Software Engineering Conference in Russia},
 series = {CEE-SECR '13},
 year = {2013},
 isbn = {978-1-4503-2641-4},
 location = {Moscow, Russia},
 pages = {10:1--10:5},
 articleno = {10},
 numpages = {5},
 url = {http://doi.acm.org/10.1145/2556610.2591506},
 doi = {10.1145/2556610.2591506},
 acmid = {2596543},
 publisher = {ACM},
 address = {New York, NY, USA},
}
@article {stemEducation,
	author = {Bybee, Rodger W.},
	title = {What Is STEM Education?},
	volume = {329},
	number = {5995},
	pages = {996--996},
	year = {2010},
	doi = {10.1126/science.1194998},
	publisher = {American Association for the Advancement of Science},
	issn = {0036-8075},
	URL = {http://science.sciencemag.org/content/329/5995/996},
	eprint = {http://science.sciencemag.org/content/329/5995/996.full.pdf},
	journal = {Science}
}
@article{stemRobotics,
  title={Exploring the educational potential of robotics in schools: A systematic review},
  author={Benitti, Fabiane Barreto Vavassori},
  journal={Computers \& Education},
  volume={58},
  number={3},
  pages={978--988},
  year={2012},
  publisher={Elsevier}
}